<?xml version="1.0" encoding="UTF-8"?><collection xmlns="http://www.loc.gov/MARC21/slim"><record><leader>00530nam--2200193-i-4500</leader><controlfield tag="001">000025517</controlfield><controlfield tag="002">20161230</controlfield><controlfield tag="005">20170128181232</controlfield><controlfield tag="008">060222s1000------------r-----000-0-hun-d</controlfield><datafield ind1=" " ind2=" " tag="040"><subfield code="a">IFIN-HH</subfield></datafield><datafield ind1=" " ind2=" " tag="041"><subfield code="a">hun</subfield></datafield><datafield ind1=" " ind2=" " tag="080"><subfield code="a">51-7:54</subfield></datafield><datafield ind1="1" ind2=" " tag="100"><subfield code="a">Cs©Łsz©Łr, J©đzsef</subfield></datafield><datafield ind1="1" ind2="0" tag="245"><subfield code="a">Optikai sz©Ưnk©♭p, ligandumt©♭r - elm©♭let, komplex szerkezet</subfield><subfield code="c">Cs©Łsz©Łr J©đzsef; B©Łn Mikl©đs</subfield></datafield><datafield ind1=" " ind2=" " tag="260"><subfield code="a">Budapest</subfield><subfield code="b">Akad©♭miai Kiad©đ</subfield><subfield code="c">1972</subfield></datafield><datafield ind1=" " ind2=" " tag="300"><subfield code="a">336 p</subfield></datafield><datafield ind1="1" ind2=" " tag="700"><subfield code="a">B©Łn, Mikl©đs</subfield></datafield><datafield ind1=" " ind2=" " tag="852"><subfield code="a">75692</subfield><subfield code="c">535</subfield></datafield><datafield ind1=" " ind2=" " tag="CAT"><subfield code="a">SYS</subfield><subfield code="c">20170128</subfield><subfield code="h">181232</subfield></datafield></record></collection>